<?xml version="1.0" encoding="UTF-8"?><record xmlns="http://www.loc.gov/MARC21/slim" xmlns:cinclude="http://apache.org/cocoon/include/1.0" xmlns:zs="http://www.loc.gov/zing/srw/">
  <leader>00779cz  a2200157n  4500</leader>
  <controlfield tag="001">n  99034511 </controlfield>
  <controlfield tag="003">DLC</controlfield>
  <controlfield tag="005">20071212084837.0</controlfield>
  <controlfield tag="008">990507n| acannaabn          |a ana      </controlfield>
  <datafield tag="010" ind1=" " ind2=" ">
    <subfield code="a">n  99034511 </subfield>
  </datafield>
  <datafield tag="035" ind1=" " ind2=" ">
    <subfield code="a">(OCoLC)oca04981605</subfield>
  </datafield>
  <datafield tag="040" ind1=" " ind2=" ">
    <subfield code="a">DLC</subfield>
    <subfield code="b">eng</subfield>
    <subfield code="c">DLC</subfield>
    <subfield code="d">DLC</subfield>
    <subfield code="d">WaU</subfield>
  </datafield>
  <datafield tag="110" ind1="2" ind2=" ">
    <subfield code="a">École des hautes études en sciences sociales.</subfield>
    <subfield code="b">Projet de recherche interdisciplinaire Études océanistes d'aujourd'hui</subfield>
  </datafield>
  <datafield tag="410" ind1="2" ind2=" ">
    <subfield code="a">EHESS Projet de recherche interdisciplinaire Études océanistes d'aujourd'hui</subfield>
  </datafield>
  <datafield tag="410" ind1="2" ind2=" ">
    <subfield code="a">Projet de recherche interdisciplinaire Études océanistes d'aujourd'hui (École des hautes études en sciences sociales)</subfield>
  </datafield>
  <datafield tag="670" ind1=" " ind2=" ">
    <subfield code="a">La Pacifique, un monde épars, c1998:</subfield>
    <subfield code="b">t.p. (EHESS//Projet de recherche interdisciplinaire Études océanistes d'aujourd'hui)</subfield>
  </datafield>
</record>